@book{G97,
	title={The Queen of Mathematics: A Historically Motivated Guide to Number Theory},
	author={J. R. Goldman},
	year={1997},
	publisher={A K Peters/CRC Press},
	isbn={9781568810065}	
}

@book{D19,
	title={History of the Theory of Numbers},
	author={L.E. Dixon},
	year={1919}
}

@book{J12,
  title={Elementary Number Theory},
  author={Jones, G.A. and Jones, J.M.},
  isbn={9781447106135},
  series={Springer Undergraduate Mathematics Series},
  year={2012},
  publisher={Springer London}
}

@book{H08,
  title={An Introduction to the Theory of Numbers},
  author={Hardy, G.H. and Wright, E.M. and Heath-Brown, R. and Silverman, J. and Wiles, A.},
  isbn={9780199219865},
  lccn={2008279092},
  series={Oxford mathematics},
  year={2008},
  publisher={OUP Oxford}
}

@misc{milneANT,
	author={Milne, James S.},
	title={Algebraic Number Theory (v3.08)},
	year={2020},
	url={www.jmilne.org/math/},
	pages={166}
}	